@inproceedings{vinyals2015grammar,
  title={Grammar as a foreign language},
  author={Vinyals, Oriol and Kaiser, {\L}ukasz and Koo, Terry and Petrov, Slav and Sutskever, Ilya and Hinton, Geoffrey},
  booktitle={Advances in Neural Information Processing Systems},
  pages={2773--2781},
  year={2015}
}

@inproceedings{dyer2015transition,
  title={Transition-Based Dependency Parsing with Stack Long Short-Term Memory},
  author={Chris Dyer and Miguel Ballesteros and Wang Ling and Austin Matthews and Noah A. Smith},
  booktitle={ACL},
  year={2015}
}

@article{huang2015bidirectional,
  title={Bidirectional LSTM-CRF Models for Sequence Tagging},
  author={Zhiheng Huang and Wei Xu and Kai Yu},
  journal={CoRR},
  year={2015},
  volume={abs/1508.01991}
}

@article{BahdanauCB14,
  title={Neural Machine Translation by Jointly Learning to Align and Translate},
  author={Dzmitry Bahdanau and Kyunghyun Cho and Yoshua Bengio},
  journal={CoRR},
  year={2014},
  volume={abs/1409.0473}
}

@inproceedings{sutskever2014sequence,
  title={Sequence to sequence learning with neural networks},
  author={Sutskever, Ilya and Vinyals, Oriol and Le, Quoc V},
  booktitle={Advances in neural information processing systems},
  pages={3104--3112},
  year={2014}
}

@article{klampfl2014unsupervised,
  title={Unsupervised document structure analysis of digital scientific articles},
  author={Klampfl, Stefan and Granitzer, Michael and Jack, Kris and Kern, Roman},
  journal={International Journal on Digital Libraries},
  volume={14},
  number={3-4},
  pages={83--99},
  year={2014},
  publisher={Springer}
}

@article{sibson1973slink,
  title={SLINK: an optimally efficient algorithm for the single-link cluster method},
  author={Sibson, Robin},
  journal={The computer journal},
  volume={16},
  number={1},
  pages={30--34},
  year={1973},
  publisher={Oxford University Press}
}

@inproceedings{kim2014conv,
  title={Convolutional Neural Networks for Sentence Classification},
  author={Yoon Kim},
  booktitle={EMNLP},
  year={2014}
}

@inproceedings{zhang2015character,
  title={Character-level convolutional networks for text classification},
  author={Zhang, Xiang and Zhao, Junbo and LeCun, Yann},
  booktitle={Advances in neural information processing systems},
  pages={649--657},
  year={2015}
}

@inproceedings{zhang2015conv,
  title={A Sensitivity Analysis of (and Practitioners' Guide to) Convolutional Neural Networks for Sentence Classification},
  author={Yingjie Zhang and Byron C. Wallace},
  booktitle={IJCNLP},
  year={2017}
}

@article{Conneau2016ldeep,
  title={Very Deep Convolutional Networks for Natural Language Processing},
  author={Alexis Conneau and Holger Schwenk and Lo{\"i}c Barrault and Yann LeCun},
  journal={CoRR},
  year={2016},
  volume={abs/1606.01781}
}

@article{resnet2015,
  title={Deep Residual Learning for Image Recognition},
  author={Kaiming He and Xiangyu Zhang and Shaoqing Ren and Jian Sun},
  journal={2016 IEEE Conference on Computer Vision and Pattern Recognition (CVPR)},
  year={2016},
  pages={770-778}
}

@article{lecun1995convolutional,
  title={Convolutional networks for images, speech, and time series},
  author={LeCun, Yann and Bengio, Yoshua and others},
  journal={The handbook of brain theory and neural networks},
  volume={3361},
  number={10},
  pages={1995},
  year={1995}
}

@article{cnnrnn,
  title={Comparative Study of CNN and RNN for Natural Language Processing},
  author={Wenpeng Yin and Katharina Kann and Mo Yu and Hinrich Sch{\"u}tze},
  journal={CoRR},
  year={2017},
  volume={abs/1702.01923}
}

@inproceedings{facebook,
  title={Convolutional Sequence to Sequence Learning},
  author={Jonas Gehring and Michael Auli and David Grangier and Denis Yarats and Yann Dauphin},
  booktitle={ICML},
  year={2017}
}

@article{adam,
  title={Adam: A Method for Stochastic Optimization},
  author={Diederik P. Kingma and Jimmy Ba},
  journal={CoRR},
  year={2014},
  volume={abs/1412.6980}
}

@article{adadelta,
  title={ADADELTA: An Adaptive Learning Rate Method},
  author={Matthew D. Zeiler},
  journal={CoRR},
  year={2012},
  volume={abs/1212.5701}
}

@InProceedings{deepweb,
author="Gogar, Tomas
and Hubacek, Ondrej
and Sedivy, Jan",
editor="Iliadis, Lazaros
and Maglogiannis, Ilias",
title="Deep Neural Networks for Web Page Information Extraction",
booktitle="Artificial Intelligence Applications and Innovations",
year="2016",
publisher="Springer International Publishing",
address="Cham",
pages="154--163",
abstract="Web wrappers are systems for extracting structured information from web pages. Currently, wrappers need to be adapted to a particular website template before they can start the extraction process. In this work we present a new method, which uses convolutional neural networks to learn a wrapper that can extract information from previously unseen templates. Therefore, this wrapper does not need any site-specific initialization and is able to extract information from a single web page. We also propose a method for spatial text encoding, which allows us to encode visual and textual content of a web page into a single neural net. The first experiments with product information extraction showed very promising results and suggest that this approach can lead to a general site-independent web wrapper.",
isbn="978-3-319-44944-9"
}

@article{wrapper,
  title={Web Data Extraction, Applications and Techniques: A Survey},
  author={Emilio Ferrara and Pasquale De Meo and Giacomo Fiumara and Robert Baumgartner},
  journal={Knowl.-Based Syst.},
  year={2014},
  volume={70},
  pages={301-323}
}

@inproceedings{ideology,
  title={Political ideology detection using recursive neural networks},
  author={Iyyer, Mohit and Enns, Peter and Boyd-Graber, Jordan and Resnik, Philip},
  booktitle={Proceedings of the 52nd Annual Meeting of the Association for Computational Linguistics (Volume 1: Long Papers)},
  volume={1},
  pages={1113--1122},
  year={2014}
}

@article{mittromney,
  title={Testing the Etch-a-Sketch Hypothesis: A Computational Analysis of Mitt Romney's Ideological Makeover During the 2012 Primary vs. General Elections},
  author={Gross, Justin H and Acree, Brice and Sim, Yanchuan and Smith, Noah A},
  year={2013}
}

@article{dropout,
  title={Dropout: A simple way to prevent neural networks from overfitting},
  author={Srivastava, Nitish and Hinton, Geoffrey and Krizhevsky, Alex and Sutskever, Ilya and Salakhutdinov, Ruslan},
  journal={The Journal of Machine Learning Research},
  volume={15},
  number={1},
  pages={1929--1958},
  year={2014},
  publisher={JMLR. org}
}

@article{l2norm,
  title={Improving neural networks by preventing co-adaptation of feature detectors},
  author={Geoffrey E. Hinton and Nitish Srivastava and Alex Krizhevsky and Ilya Sutskever and Ruslan Salakhutdinov},
  journal={CoRR},
  year={2012},
  volume={abs/1207.0580}
}

@article{adagrad,
  title={Adaptive subgradient methods for online learning and stochastic optimization},
  author={Duchi, John and Hazan, Elad and Singer, Yoram},
  journal={Journal of Machine Learning Research},
  volume={12},
  number={Jul},
  pages={2121--2159},
  year={2011}
}

@article{dirichlet,
  title={Introduction to the Dirichlet distribution and related processes},
  author={Frigyik, Bela A and Kapila, Amol and Gupta, Maya R},
  journal={Department of Electrical Engineering, University of Washignton, UWEETR-2010-0006},
  year={2010}
}

@article{scikit-learn,
 title={Scikit-learn: Machine Learning in {P}ython},
 author={Pedregosa, F. and Varoquaux, G. and Gramfort, A. and Michel, V.
         and Thirion, B. and Grisel, O. and Blondel, M. and Prettenhofer, P.
         and Weiss, R. and Dubourg, V. and Vanderplas, J. and Passos, A. and
         Cournapeau, D. and Brucher, M. and Perrot, M. and Duchesnay, E.},
 journal={Journal of Machine Learning Research},
 volume={12},
 pages={2825--2830},
 year={2011}
}
